% Encoding: UTF-8

@Book{Mehta2020,
  author    = {Parth Mehta; Anil Kumar Reddy Reddivari},
  publisher = {Treasure Island (FL): StatPearls Publishing},
  title     = {Hepatitis},
  year      = {2020},
  month     = jan,
  url       = {https://www.ncbi.nlm.nih.gov/books/NBK554549/},
}

@Article{Liberal2013,
  author  = {Rodrigo Liberal, Charlotte R. Grant, Giorgina Mieli-Vergani, Diego Vergani,},
  journal = {Journal of Autoimmunity},
  title   = {Autoimmune hepatitis: A comprehensive review},
  year    = {2013},
  issn    = {0896-8411},
  month   = mar,
  pages   = {126-139},
  volume  = {41},
}

@Article{NeuschwanderTetri2017,
  author    = {Brent A. Neuschwander-Tetri},
  journal   = {{BMC} Medicine},
  title     = {Non-alcoholic fatty liver disease},
  year      = {2017},
  month     = {feb},
  number    = {1},
  volume    = {15},
  doi       = {10.1186/s12916-017-0806-8},
  publisher = {Springer Science and Business Media {LLC}},
}

@Article{Chayanupatkul2014,
  author    = {Maneerat Chayanupatkul},
  journal   = {World Journal of Gastroenterology},
  title     = {Alcoholic hepatitis: A comprehensive review of pathogenesis and treatment},
  year      = {2014},
  number    = {20},
  pages     = {6279},
  volume    = {20},
  doi       = {10.3748/wjg.v20.i20.6279},
  publisher = {Baishideng Publishing Group Inc.},
}

@Article{Alempijevic2017,
  author  = {Alempijevic T; Zec S; Milosavljevic T},
  journal = {World Journal Hepatology},
  title   = {Drug-induced liver injury: Do we know everything?},
  year    = {2017},
  number  = {10},
  pages   = {491-502},
  volume  = {9},
}

@Article{Thuener2017,
  author    = {Jennifer Thuener},
  journal   = {Primary Care: Clinics in Office Practice},
  title     = {Hepatitis A and B Infections},
  year      = {2017},
  month     = {dec},
  number    = {4},
  pages     = {621--629},
  volume    = {44},
  doi       = {10.1016/j.pop.2017.07.005},
  publisher = {Elsevier {BV}},
}

@Article{You2014,
  author    = {Chan Ran You},
  journal   = {World Journal of Gastroenterology},
  title     = {Update on hepatitis B virus infection},
  year      = {2014},
  number    = {37},
  pages     = {13293},
  volume    = {20},
  doi       = {10.3748/wjg.v20.i37.13293},
  publisher = {Baishideng Publishing Group Inc.},
}

@Article{Rizzetto2015,
  author    = {Mario Rizzetto},
  journal   = {Cold Spring Harbor Perspectives in Medicine},
  title     = {Hepatitis D Virus: Introduction and Epidemiology},
  year      = {2015},
  month     = {jul},
  number    = {7},
  pages     = {a021576},
  volume    = {5},
  doi       = {10.1101/cshperspect.a021576},
  publisher = {Cold Spring Harbor Laboratory},
}

@Article{Li2015,
  author    = {Hui-Chun Li},
  journal   = {World Journal of Hepatology},
  title     = {Hepatitis C virus: Virology, diagnosis and treatment},
  year      = {2015},
  number    = {10},
  pages     = {1377},
  volume    = {7},
  doi       = {10.4254/wjh.v7.i10.1377},
  publisher = {Baishideng Publishing Group Inc.},
}

@Article{Mohsen2017,
  author  = {Mohsen W ; Levy MT},
  journal = {Internal Medicine Journal},
  title   = {Hepatitis A to E: what's new?},
  year    = {2017},
  pages   = {380-389},
  volume  = {47},
}

@Article{Lanini2019,
  author    = {Simone Lanini and Andrew Ustianowski and Raffaella Pisapia and Alimuddin Zumla and Giuseppe Ippolito},
  journal   = {Infectious Disease Clinics of North America},
  title     = {Viral Hepatitis},
  year      = {2019},
  month     = {dec},
  number    = {4},
  pages     = {1045--1062},
  volume    = {33},
  doi       = {10.1016/j.idc.2019.08.004},
  publisher = {Elsevier {BV}},
}

@Article{Larrue2020,
  author    = {H{\'{e}}l{\`{e}}ne Larrue and Florence Abravanel and Jean-Marie P{\'{e}}ron},
  journal   = {Liver International},
  title     = {Hepatitis E, what's the real issue?},
  year      = {2020},
  month     = {feb},
  number    = {S1},
  pages     = {43--47},
  volume    = {40},
  doi       = {10.1111/liv.14351},
  publisher = {Wiley},
}

@Article{Lhomme2019,
  author    = {S{\'{e}}bastien Lhomme and Florence Legrand-Abravanel and Nassim Kamar and Jacques Izopet},
  journal   = {Expert Review of Anti-infective Therapy},
  title     = {Screening, diagnosis and risks associated with Hepatitis E virus infection},
  year      = {2019},
  month     = {may},
  number    = {6},
  pages     = {403--418},
  volume    = {17},
  doi       = {10.1080/14787210.2019.1613889},
  publisher = {Informa {UK} Limited},
}

@Article{Kamar2017,
  author    = {Nassim Kamar and Jacques Izopet and Nicole Pavio and Rakesh Aggarwal and Alain Labrique and Heiner Wedemeyer and Harry R. Dalton},
  journal   = {Nature Reviews Disease Primers},
  title     = {Hepatitis E virus infection},
  year      = {2017},
  month     = {nov},
  number    = {1},
  volume    = {3},
  doi       = {10.1038/nrdp.2017.86},
  publisher = {Springer Science and Business Media {LLC}},
}

@Comment{jabref-meta: databaseType:bibtex;}
